@comment{x-kbibtex-personnameformatting=<%l><, %f>}


@misc{urthecast,
	howpublished = "https://www.urthecast.com/",
	note = "Accessed: 10-08-16",
	title = "{urthecast: A new kind of Earth Observation.}"
}

@misc{wildseve,
	howpublished = "http://www.rufford.org/projects/krithi\_k\_karanth",
	note = "Accessed: 10-08-16",
	title = "{Wild Seve: Transforming Human-Wildlife Conflicts in India Using Mobile Technology and Crisis Mapping.}"
}

@misc{indiacons,
	howpublished = "{\small{http://data.worldbank.org/indicator/ER.LND.PTLD.ZS}}",
	note = "Accessed: 10-08-16",
	title = "{United Nations Environmental Program and the World Conservation Monitoring Centre, as compiled by the World Resources Institute.}"
}

@article{Bradbury15Guided,
   author  = {Gwyneth A. Bradbury and Kartic Subr and Charalampos Koniaris and Kenny Mitchell and Tim Weyrich},
   title   = {Guided Ecological Simulation for Artistic Editing of Plant Distributions in Natural Scenes},
   year    = 2015,
   month   = nov,
   day     = 19,
   journal = {Journal of Computer Graphics Techniques (JCGT)},
   url     = {http://jcgt.org/published/0004/04/02/},
   issn    = {2331-7418}
}

@article{yu2013automated,
  title={Automated identification of animal species in camera trap images},
  author={Yu, Xiaoyuan and Wang, Jiangping and Kays, Roland and Jansen, Patrick A and Wang, Tianjiang and Huang, Thomas},
  journal={EURASIP Journal on Image and Video Processing},
  volume={2013},
  number={1},
  pages={1},
  year={2013},
  publisher={Springer International Publishing}
}

@inproceedings{paciorek2003nonstationary,
  title={Nonstationary Covariance Functions for Gaussian Process Regression},
  author={Paciorek, Christopher J and Schervish, Mark J},
  booktitle={Advances in Neural Information Processing Systems},
  year={2003}
}

@article{bliznyuk2014nonlinear,
  title={Nonlinear predictive latent process models for integrating spatio-temporal exposure data from multiple sources},
  author={Bliznyuk, Nikolay and Paciorek, Christopher J and Schwartz, Joel and Coull, Brent and others},
  journal={The Annals of Applied Statistics},
  volume={8},
  number={3},
  pages={1538--1560},
  year={2014},
  publisher={Institute of Mathematical Statistics}
}

@article{gubbi2010conservation,
  title={Are conservation funds degrading wildlife habitats?},
  author={Gubbi, Sanjay},
  journal={Economic and Political Weekly},
  pages={22--25},
  year={2010},
  publisher={JSTOR}
}

@article{barua2013hidden,
  title={The hidden dimensions of human--wildlife conflict: health impacts, opportunity and transaction costs},
  author={Barua, Maan and Bhagwat, Shonil A and Jadhav, Sushrut},
  journal={Biological Conservation},
  volume={157},
  pages={309--316},
  year={2013},
  publisher={Elsevier}
}

@article{gubbi2012patterns,
  title={Patterns and correlates of human--elephant conflict around a south Indian reserve},
  author={Gubbi, Sanjay},
  journal={Biological Conservation},
  volume={148},
  number={1},
  pages={88--95},
  year={2012},
  publisher={Elsevier}
}

@phdthesis{owen2013conservation,
  title={Conservation, conflict and costs: living with large mammals in the Nilgiri Biosphere Reserve, India},
  author={Owen, Nisha Rachelle},
  year={2013},
  school={The University of Leeds}
}

@article{karanth1992population,
  title={Population structure, density and biomass of large herbivores in the tropical forests of Nagarahole, India},
  author={Karanth, K Ullas and Sunquist, Melvin E},
  journal={Journal of Tropical Ecology},
  volume={8},
  number={01},
  pages={21--35},
  year={1992},
  publisher={Cambridge Univ Press}
}

@misc{gubbi2005new,
  title={New highways threaten four wildlife reserves in Southern India},
  author={Gubbi, S},
  year={2005},
  publisher={CAMBRIDGE UNIV PRESS 40 WEST 20TH ST, NEW YORK, NY 10011-4211 USA}
}

